<record><leader>00000cas a22000007a 4500</leader><controlfield tag="001">13553623</controlfield><controlfield tag="008">860510d18171918pauwr ne      0    0eng d</controlfield><datafield ind1=" " ind2=" " tag="010"><subfield code="a">sn 85038333 </subfield></datafield><datafield ind1=" " ind2=" " tag="040"><subfield code="a">NPY</subfield><subfield code="b">eng</subfield><subfield code="c">NPY</subfield><subfield code="d">NPH</subfield><subfield code="d">NPX</subfield><subfield code="d">DLC</subfield><subfield code="d">NPH</subfield><subfield code="d">CNW</subfield><subfield code="d">CNK</subfield><subfield code="d">OCL</subfield><subfield code="d">DLC</subfield><subfield code="d">OCLCF</subfield><subfield code="d">NDD</subfield></datafield><datafield ind1=" " ind2=" " tag="042"><subfield code="a">msc</subfield></datafield><datafield ind1=" " ind2=" " tag="043"><subfield code="a">n-us-pa</subfield></datafield><datafield ind1="0" ind2="0" tag="050"><subfield code="a">Newspaper</subfield></datafield><datafield ind1="0" ind2=" " tag="130"><subfield code="a">York gazette (York, Pa. : 1817)</subfield></datafield><datafield ind1="1" ind2="0" tag="245"><subfield code="a">York gazette.</subfield></datafield><datafield ind1=" " ind2=" " tag="250"><subfield code="a">[English ed.]</subfield></datafield><datafield ind1=" " ind2=" " tag="260"><subfield code="a">York, Pa. :</subfield><subfield code="b">William C. Harris,</subfield><subfield code="c">1817-</subfield></datafield><datafield ind1=" " ind2=" " tag="300"><subfield code="a">v. :</subfield><subfield code="b">ill. ;</subfield><subfield code="c">45-60 cm.</subfield></datafield><datafield ind1=" " ind2=" " tag="310"><subfield code="a">Weekly</subfield></datafield><datafield ind1="0" ind2=" " tag="362"><subfield code="a">Vol. 2, no. 99 (Mar. 27, 1817)-</subfield></datafield><datafield ind1="1" ind2=" " tag="362"><subfield code="a">Ceased in Aug. 1918.</subfield><subfield code="z">Cf. NIM.</subfield></datafield><datafield ind1=" " ind2=" " tag="500"><subfield code="a">Publishers: King &amp; Mallo, &lt;1819&gt;; King &amp; Welsh, &lt;1827-1828&gt;; Richard Rush, &lt;1831&gt;; Adam J. Glossbrenner, &lt;1836&gt;; A.J. Glossbrenner &amp; D. Small, &lt;1844&gt;.</subfield></datafield><datafield ind1=" " ind2=" " tag="580"><subfield code="a">German ed.: York Gazette (York, Pa. : 1821 : German).</subfield></datafield><datafield ind1=" " ind2="0" tag="651"><subfield code="a">York (Pa.)</subfield><subfield code="v">Newspapers.</subfield></datafield><datafield ind1=" " ind2="7" tag="651"><subfield code="a">Pennsylvania</subfield><subfield code="z">York.</subfield><subfield code="2">fast</subfield><subfield code="0">(OCoLC)fst01202834</subfield></datafield><datafield ind1=" " ind2="7" tag="655"><subfield code="a">Newspapers.</subfield><subfield code="2">fast</subfield><subfield code="0">(OCoLC)fst01423814</subfield></datafield><datafield ind1=" " ind2=" " tag="752"><subfield code="a">United States</subfield><subfield code="b">Pennsylvania</subfield><subfield code="c">York</subfield><subfield code="d">York.</subfield></datafield><datafield ind1="0" ind2=" " tag="775"><subfield code="t">York gazette (York, Pa. : 1887 : Daily)</subfield><subfield code="w">(DLC)sn 89077033</subfield><subfield code="w">(OCoLC)13584955</subfield></datafield><datafield ind1="0" ind2=" " tag="775"><subfield code="t">Gazette (York, Pa. : 1892 : Daily)</subfield><subfield code="w">(DLC)sn 87078097</subfield><subfield code="w">(OCoLC)13584895</subfield></datafield><datafield ind1="0" ind2=" " tag="775"><subfield code="t">York gazette (York, Pa. : 1915 : Daily)</subfield><subfield code="w">(DLC)sn 89077032</subfield><subfield code="w">(OCoLC)13584850</subfield></datafield><datafield ind1="1" ind2=" " tag="775"><subfield code="t">York Gazette (York, Pa. : 1821 : German)</subfield><subfield code="w">(DLC)sn 84026716</subfield><subfield code="w">(OCoLC)10553489</subfield></datafield><datafield ind1="0" ind2="0" tag="780"><subfield code="t">York gazette &amp; public advertiser (York, Pa. : 1816)</subfield><subfield code="w">(DLC)sn 86079139</subfield><subfield code="w">(OCoLC)13489625</subfield></datafield><datafield ind1="1" ind2=" " tag="029"><subfield code="a">AU@</subfield><subfield code="b">000025793281</subfield></datafield></record>